@misc{pp,
  title = {Project Python: an interactive introduction to Computer Science},
  author = {Devin Balkcom},
  year = {2011},
  note   = {Accessed online at \textit{projectpython.net}},
}

@misc{popularity,
  author = {{NPM Trends Website}},
  title = {React vs Vue vs \@ Angular/core},
  year = {2019},
    note = {Accessed online at \textit {https://www.npmtrends.com/react-vs-vue-vs-@angular/core}},
}

@misc{reactsight,
  author = {{React Sight}},
  title = {React Sight},
  year = {2018},
  publisher = {GitHub},
  note = {GitHub repository. Accessed online at \textit {https://github.com/React-Sight/React-Sight}},
}

@misc{reactide,
  author = {{Reactide}},
  title = {Reactide},
  year = {2018},
  publisher = {GitHub},
  note = {GitHub repository. Accessed online at \textit {https://github.com/reactide/reactide}},
}

@misc{d3,
  author = {{d3.js}},
  title = {D3.js},
  note = {Accessed online at \textit {https://d3js.org/}},
}

https://d3js.org/
